<?xml version="1.0" encoding="UTF-8"?><record xmlns="http://www.loc.gov/MARC21/slim" xmlns:cinclude="http://apache.org/cocoon/include/1.0" xmlns:zs="http://www.loc.gov/zing/srw/">
  <leader>00385nz  a2200121n  4500</leader>
  <controlfield tag="001">n  85282025 </controlfield>
  <controlfield tag="003">DLC</controlfield>
  <controlfield tag="005">19860411110804.0</controlfield>
  <controlfield tag="008">860401n| acannaab|          |n aaa |||  </controlfield>
  <datafield tag="010" ind1=" " ind2=" ">
    <subfield code="a">n  85282025 </subfield>
  </datafield>
  <datafield tag="040" ind1=" " ind2=" ">
    <subfield code="a">DLC</subfield>
    <subfield code="c">DLC</subfield>
    <subfield code="d">DLC</subfield>
  </datafield>
  <datafield tag="100" ind1="1" ind2="0">
    <subfield code="a">Manjone, Joseph A.</subfield>
  </datafield>
  <datafield tag="670" ind1=" " ind2=" ">
    <subfield code="a">His Co-rec intramural sports handbook, c1978:</subfield>
    <subfield code="b">t.p. (Joseph A. Manjone; assoc. prof. of recreation, Shepherd Coll., West Va.)</subfield>
  </datafield>
</record>